@ARTICLE{phil99,
	AUTHOR = {T. P. Phillips},
	TITLE = {Possible Influence of the Magnetosphere on {American} History},
	YEAR = {1999},
	JOURNAL = {J. Oddball Res.},
	VOLUME = {98},
	PAGES = {1000-1003},
    entrysubtype={paper}
}
@ARTICLE{jame76,
	AUTHOR = {Kelly James and Harris, Jr., George and Wilby Wollops},
	TITLE = {{American} Independence and Magnetism},
	YEAR = {1776},
	JOURNAL = {Revol. Tracts},
	VOLUME = {32},
	PAGES = {34-55},
    entrysubtype={software}
}